<record><leader>00000cas a22000007a 4500</leader><controlfield tag="001">19454765</controlfield><controlfield tag="008">890325d184018uupauwr ne      0    0eng d</controlfield><datafield ind1=" " ind2=" " tag="010"><subfield code="a">sn 89077172 </subfield></datafield><datafield ind1=" " ind2=" " tag="040"><subfield code="a">NPH</subfield><subfield code="b">eng</subfield><subfield code="c">NPH</subfield><subfield code="d">OCLCQ</subfield></datafield><datafield ind1=" " ind2=" " tag="042"><subfield code="a">msc</subfield></datafield><datafield ind1="0" ind2="0" tag="245"><subfield code="a">Marietta ant.</subfield></datafield><datafield ind1="1" ind2="3" tag="246"><subfield code="a">Ant</subfield></datafield><datafield ind1=" " ind2=" " tag="260"><subfield code="a">Marietta [Pa.] :</subfield><subfield code="b">Thomas Taylor</subfield></datafield><datafield ind1=" " ind2=" " tag="300"><subfield code="a">v. :</subfield><subfield code="b">ill. (chiefly advertisements) ;</subfield><subfield code="c">44 cm.</subfield></datafield><datafield ind1=" " ind2=" " tag="310"><subfield code="a">Weekly</subfield></datafield><datafield ind1="1" ind2=" " tag="362"><subfield code="a">Began in 1840?</subfield></datafield><datafield ind1=" " ind2=" " tag="500"><subfield code="a">"Neutral in Politics, Devoted to News, Science, Agriculture, Silk Culture, and Miscellany."</subfield></datafield><datafield ind1=" " ind2=" " tag="588"><subfield code="a">Description based on: Vol. 1, no. 30 (Nov. 21, 1840).</subfield></datafield><datafield ind1=" " ind2=" " tag="752"><subfield code="a">United States</subfield><subfield code="b">Pennsylvania</subfield><subfield code="c">Lancaster</subfield><subfield code="d">Marietta.</subfield></datafield><datafield ind1="0" ind2="0" tag="780"><subfield code="t">Ant (Marietta, Pa.)</subfield><subfield code="w">(DLC)sn 86071920</subfield></datafield></record>